@MastersThesis{MorenoTFM2012,
	author = {Moreno, V\'ictor},
	title = {Development and evaluation of a low-cost scalable architecture for network traffic capture and storage for 10{Gbps} networks},
	school = {Escuela Polit\'ecnica Superior UAM},
	year = {2012},
	OPTaddress = {http://arantxa.ii.uam.es/~vmoreno/Publications/morenoTFM2012.pdf},
}

@article {m3omon,
	author = {Moreno, V\'ictor and Santiago del R\'io, Pedro M. and Ramos, Javier and Muelas, David and Garc\'ia-Dorado, Jos\'e Luis and Gomez-Arribas, Francisco J. and Aracil, Javier},
	title = {Multi-granular, multi-purpose and multi-{Gb}/s monitoring on off-the-shelf systems},
	journal = {International Journal of Network Management},
	volume = {24},
	number = {4},
	publisher = {John Wiley & Sons, Ltd},
	issn = {1099-1190},
	url = {http://dx.doi.org/10.1002/nem.1861},
	doi = {10.1002/nem.1861},
	pages = {221--234},
	year = {2014},
}

@inproceedings{leitao2009tuning,
  title={Tuning {10Gb} network cards on {Linux}},
  author={Leitao, Breno Henrique},
  booktitle={Proceedings of the 2009 Linux Symposium},
  year={2009},
  organization={Citeseer}
}

% Optional fields: type, number, address, month, note
@manual{NAPI,
	title = {{NAPI}},
	institution = {Linux Foundation},
	year = {2009},
	note = {\url{http://www.linuxfoundation.org/collaborate/workgroups/networking/napi}}
}

@misc{intelOptimization,
  title={Intel 64 and {IA-32} architectures optimization reference manual},
  author={{Intel Corporation}},
  year={2016},
  publisher={Enero},
  note={\url{http://www.intel.co.uk/content/dam/www/public/us/en/documents/manuals/64-ia-32-architectures-optimization-manual.pdf}}
}

@article{krizhanovsky2013lock,
  title={Lock-free multi-producer multi-consumer queue on ring buffer},
  author={Krizhanovsky, Alexander},
  journal={Linux Journal},
  volume={2013},
  number={228},
  pages={4},
  year={2013},
  publisher={Belltown Media}
}

@misc{rizzo201210,
  title={10 {Gbit/s} Line Rate Packet Processing Using Commodity Hardware: Survey and new Proposals},
  author={Rizzo, Luigi and Deri, Luca and Cardigliano, Alfredo},
  year={2012},
  publisher={US}
}

% Optional fields: author, organization, address, edition, month, year, note
@MANUAL{IntelDPDK,
	title = {{DPDK}: Programmer's Guide},
	month = {April},
	year = {2016},
	note = {\url{http://dpdk.org/doc/pdf-guides/prog_guide-16.04.pdf}}
}
\chapter{Experimentos Realizados y Resultados}